<record><leader>00000cas a2200000Ma 4500</leader><controlfield tag="001">10897136</controlfield><controlfield tag="008">840628d18251827maudn ne      0   a0eng d</controlfield><datafield ind1=" " ind2=" " tag="010"><subfield code="a">sn 84023557 </subfield></datafield><datafield ind1=" " ind2=" " tag="040"><subfield code="a">AQM</subfield><subfield code="b">eng</subfield><subfield code="c">AQM</subfield><subfield code="d">OCLCG</subfield><subfield code="d">OCLCQ</subfield></datafield><datafield ind1="0" ind2="0" tag="245"><subfield code="a">Boston daily American Statesman.</subfield></datafield><datafield ind1=" " ind2=" " tag="260"><subfield code="a">Boston, Mass. :</subfield><subfield code="b">True and Greene,</subfield><subfield code="c">1825-1827.</subfield></datafield><datafield ind1=" " ind2=" " tag="300"><subfield code="a">5 v. ;</subfield><subfield code="c">54 cm.</subfield></datafield><datafield ind1=" " ind2=" " tag="310"><subfield code="a">Daily (except Sun.)</subfield></datafield><datafield ind1="0" ind2=" " tag="362"><subfield code="a">Vol. 1, no. 1 (Sept. 5, 1825)-v. 5, no. 62 (Nov. 17, 1827).</subfield></datafield><datafield ind1=" " ind2=" " tag="500"><subfield code="a">Publisher: Nathaniel Greene, 1827.</subfield></datafield><datafield ind1=" " ind2=" " tag="500"><subfield code="a">"Republican."</subfield></datafield><datafield ind1=" " ind2=" " tag="500"><subfield code="a">Editors: N. Greene, &lt;1826-1827&gt;; F.S. Hill, &lt;1827&gt;.</subfield></datafield><datafield ind1=" " ind2=" " tag="580"><subfield code="a">Weekly ed.: Saturday evening Statesman.</subfield></datafield><datafield ind1=" " ind2=" " tag="580"><subfield code="a">Triweekly ed.: American Statesman &amp; city register.</subfield></datafield><datafield ind1=" " ind2="7" tag="655"><subfield code="a">Newspapers.</subfield><subfield code="2">rbgenr</subfield></datafield><datafield ind1="1" ind2=" " tag="700"><subfield code="a">Greene, Nathaniel,</subfield><subfield code="d">1797-1877.</subfield></datafield><datafield ind1="1" ind2=" " tag="700"><subfield code="a">Hill, F. S.</subfield><subfield code="q">(Frederic Stanhope),</subfield><subfield code="d">1805-1851.</subfield></datafield><datafield ind1=" " ind2=" " tag="752"><subfield code="a">United States</subfield><subfield code="b">Massachusetts</subfield><subfield code="c">Suffolk</subfield><subfield code="d">Boston.</subfield></datafield><datafield ind1="1" ind2=" " tag="775"><subfield code="t">Saturday evening Statesman</subfield><subfield code="w">(DLC)sn 84023558</subfield></datafield><datafield ind1="1" ind2=" " tag="775"><subfield code="t">American statesman &amp; city register</subfield><subfield code="w">(DLC)sn 84024519</subfield></datafield><datafield ind1="0" ind2="0" tag="785"><subfield code="t">Boston Statesman (Boston, Mass. : Daily)</subfield><subfield code="w">(DLC)sn 84023559</subfield></datafield><datafield ind1="1" ind2=" " tag="029"><subfield code="a">AU@</subfield><subfield code="b">000020129491</subfield></datafield></record>